{"config": {"view": {"continuousWidth": 300, "continuousHeight": 300}}, "data": {"name": "data-61205cf03eb99c63162ef239f082b76b"}, "mark": {"type": "circle", "size": 60}, "encoding": {"color": {"field": "Product", "type": "nominal"}, "tooltip": [{"field": "Product", "type": "nominal"}, {"field": "Region", "type": "nominal"}, {"field": "Date", "type": "nominal"}, {"field": "Total_Sales", "type": "quantitative"}], "x": {"field": "Quantity", "type": "quantitative"}, "y": {"field": "Total_Sales", "type": "quantitative"}}, "params": [{"name": "param_1", "select": {"type": "interval", "encodings": ["x", "y"]}, "bind": "scales"}], "$schema": "https://vega.github.io/schema/vega-lite/v5.8.0.json", "datasets": {"data-61205cf03eb99c63162ef239f082b76b": [{"Date": "2024-01-01", "Product": "Phone", "Quantity": 7, "Price": 37300, "Customer_ID": "CUST001", "Region": "East", "Total_Sales": 261100}, {"Date": "2024-01-02", "Product": "Headphones", "Quantity": 4, "Price": 15406, "Customer_ID": "CUST002", "Region": "North", "Total_Sales": 61624}, {"Date": "2024-01-03", "Product": "Phone", "Quantity": 2, "Price": 21746, "Customer_ID": "CUST003", "Region": "West", "Total_Sales": 43492}, {"Date": "2024-01-04", "Product": "Headphones", "Quantity": 1, "Price": 30895, "Customer_ID": "CUST004", "Region": "East", "Total_Sales": 30895}, {"Date": "2024-01-05", "Product": "Laptop", "Quantity": 8, "Price": 39835, "Customer_ID": "CUST005", "Region": "North", "Total_Sales": 318680}, {"Date": "2024-01-06", "Product": "Laptop", "Quantity": 7, "Price": 40420, "Customer_ID": "CUST006", "Region": "South", "Total_Sales": 282940}, {"Date": "2024-01-07", "Product": "Laptop", "Quantity": 9, "Price": 40430, "Customer_ID": "CUST007", "Region": "South", "Total_Sales": 363870}, {"Date": "2024-01-08", "Product": "Laptop", "Quantity": 7, "Price": 7262, "Customer_ID": "CUST008", "Region": "West", "Total_Sales": 50834}, {"Date": "2024-01-09", "Product": "Tablet", "Quantity": 3, "Price": 32791, "Customer_ID": "CUST009", "Region": "North", "Total_Sales": 98373}, {"Date": "2024-01-10", "Product": "Laptop", "Quantity": 4, "Price": 45023, "Customer_ID": "CUST010", "Region": "West", "Total_Sales": 180092}, {"Date": "2024-01-11", "Product": "Monitor", "Quantity": 8, "Price": 6160, "Customer_ID": "CUST011", "Region": "West", "Total_Sales": 49280}, {"Date": "2024-01-12", "Product": "Phone", "Quantity": 2, "Price": 13233, "Customer_ID": "CUST012", "Region": "West", "Total_Sales": 26466}, {"Date": "2024-01-13", "Product": "Phone", "Quantity": 8, "Price": 20655, "Customer_ID": "CUST013", "Region": "East", "Total_Sales": 165240}, {"Date": "2024-01-14", "Product": "Headphones", "Quantity": 4, "Price": 4195, "Customer_ID": "CUST014", "Region": "East", "Total_Sales": 16780}, {"Date": "2024-01-15", "Product": "Headphones", "Quantity": 2, "Price": 34447, "Customer_ID": "CUST015", "Region": "West", "Total_Sales": 68894}, {"Date": "2024-01-16", "Product": "Phone", "Quantity": 9, "Price": 41548, "Customer_ID": "CUST016", "Region": "South", "Total_Sales": 373932}, {"Date": "2024-01-17", "Product": "Phone", "Quantity": 5, "Price": 13488, "Customer_ID": "CUST017", "Region": "South", "Total_Sales": 67440}, {"Date": "2024-01-18", "Product": "Tablet", "Quantity": 4, "Price": 19322, "Customer_ID": "CUST018", "Region": "North", "Total_Sales": 77288}, {"Date": "2024-01-19", "Product": "Tablet", "Quantity": 1, "Price": 44045, "Customer_ID": "CUST019", "Region": "West", "Total_Sales": 44045}, {"Date": "2024-01-20", "Product": "Laptop", "Quantity": 8, "Price": 41749, "Customer_ID": "CUST020", "Region": "North", "Total_Sales": 333992}, {"Date": "2024-01-21", "Product": "Laptop", "Quantity": 3, "Price": 36518, "Customer_ID": "CUST021", "Region": "East", "Total_Sales": 109554}, {"Date": "2024-01-22", "Product": "Tablet", "Quantity": 2, "Price": 6713, "Customer_ID": "CUST022", "Region": "West", "Total_Sales": 13426}, {"Date": "2024-01-23", "Product": "Laptop", "Quantity": 9, "Price": 29275, "Customer_ID": "CUST023", "Region": "North", "Total_Sales": 263475}, {"Date": "2024-01-24", "Product": "Headphones", "Quantity": 1, "Price": 17838, "Customer_ID": "CUST024", "Region": "West", "Total_Sales": 17838}, {"Date": "2024-01-25", "Product": "Monitor", "Quantity": 2, "Price": 9191, "Customer_ID": "CUST025", "Region": "West", "Total_Sales": 18382}, {"Date": "2024-01-26", "Product": "Laptop", "Quantity": 3, "Price": 25948, "Customer_ID": "CUST026", "Region": "North", "Total_Sales": 77844}, {"Date": "2024-01-27", "Product": "Tablet", "Quantity": 1, "Price": 38298, "Customer_ID": "CUST027", "Region": "North", "Total_Sales": 38298}, {"Date": "2024-01-28", "Product": "Tablet", "Quantity": 7, "Price": 43495, "Customer_ID": "CUST028", "Region": "North", "Total_Sales": 304465}, {"Date": "2024-01-29", "Product": "Headphones", "Quantity": 1, "Price": 45467, "Customer_ID": "CUST029", "Region": "North", "Total_Sales": 45467}, {"Date": "2024-01-30", "Product": "Tablet", "Quantity": 9, "Price": 11902, "Customer_ID": "CUST030", "Region": "North", "Total_Sales": 107118}, {"Date": "2024-01-31", "Product": "Tablet", "Quantity": 6, "Price": 34900, "Customer_ID": "CUST031", "Region": "East", "Total_Sales": 209400}, {"Date": "2024-02-01", "Product": "Phone", "Quantity": 4, "Price": 16997, "Customer_ID": "CUST032", "Region": "South", "Total_Sales": 67988}, {"Date": "2024-02-02", "Product": "Tablet", "Quantity": 3, "Price": 20696, "Customer_ID": "CUST033", "Region": "South", "Total_Sales": 62088}, {"Date": "2024-02-03", "Product": "Tablet", "Quantity": 2, "Price": 48602, "Customer_ID": "CUST034", "Region": "East", "Total_Sales": 97204}, {"Date": "2024-02-04", "Product": "Tablet", "Quantity": 6, "Price": 4339, "Customer_ID": "CUST035", "Region": "South", "Total_Sales": 26034}, {"Date": "2024-02-05", "Product": "Tablet", "Quantity": 4, "Price": 45515, "Customer_ID": "CUST036", "Region": "East", "Total_Sales": 182060}, {"Date": "2024-02-06", "Product": "Phone", "Quantity": 5, "Price": 40177, "Customer_ID": "CUST037", "Region": "North", "Total_Sales": 200885}, {"Date": "2024-02-07", "Product": "Monitor", "Quantity": 8, "Price": 19256, "Customer_ID": "CUST038", "Region": "East", "Total_Sales": 154048}, {"Date": "2024-02-08", "Product": "Monitor", "Quantity": 1, "Price": 39924, "Customer_ID": "CUST039", "Region": "South", "Total_Sales": 39924}, {"Date": "2024-02-09", "Product": "Phone", "Quantity": 4, "Price": 11494, "Customer_ID": "CUST040", "Region": "South", "Total_Sales": 45976}, {"Date": "2024-02-10", "Product": "Monitor", "Quantity": 1, "Price": 20083, "Customer_ID": "CUST041", "Region": "West", "Total_Sales": 20083}, {"Date": "2024-02-11", "Product": "Phone", "Quantity": 1, "Price": 18616, "Customer_ID": "CUST042", "Region": "West", "Total_Sales": 18616}, {"Date": "2024-02-12", "Product": "Tablet", "Quantity": 6, "Price": 43350, "Customer_ID": "CUST043", "Region": "West", "Total_Sales": 260100}, {"Date": "2024-02-13", "Product": "Monitor", "Quantity": 4, "Price": 43428, "Customer_ID": "CUST044", "Region": "West", "Total_Sales": 173712}, {"Date": "2024-02-14", "Product": "Phone", "Quantity": 2, "Price": 40244, "Customer_ID": "CUST045", "Region": "East", "Total_Sales": 80488}, {"Date": "2024-02-15", "Product": "Tablet", "Quantity": 2, "Price": 11032, "Customer_ID": "CUST046", "Region": "West", "Total_Sales": 22064}, {"Date": "2024-02-16", "Product": "Phone", "Quantity": 6, "Price": 29499, "Customer_ID": "CUST047", "Region": "North", "Total_Sales": 176994}, {"Date": "2024-02-17", "Product": "Monitor", "Quantity": 1, "Price": 6720, "Customer_ID": "CUST048", "Region": "West", "Total_Sales": 6720}, {"Date": "2024-02-18", "Product": "Laptop", "Quantity": 1, "Price": 32297, "Customer_ID": "CUST049", "Region": "South", "Total_Sales": 32297}, {"Date": "2024-02-19", "Product": "Laptop", "Quantity": 4, "Price": 43848, "Customer_ID": "CUST050", "Region": "West", "Total_Sales": 175392}, {"Date": "2024-02-20", "Product": "Phone", "Quantity": 9, "Price": 15160, "Customer_ID": "CUST051", "Region": "West", "Total_Sales": 136440}, {"Date": "2024-02-21", "Product": "Headphones", "Quantity": 1, "Price": 32524, "Customer_ID": "CUST052", "Region": "West", "Total_Sales": 32524}, {"Date": "2024-02-22", "Product": "Monitor", "Quantity": 6, "Price": 24160, "Customer_ID": "CUST053", "Region": "North", "Total_Sales": 144960}, {"Date": "2024-02-23", "Product": "Tablet", "Quantity": 5, "Price": 1308, "Customer_ID": "CUST054", "Region": "North", "Total_Sales": 6540}, {"Date": "2024-02-24", "Product": "Tablet", "Quantity": 7, "Price": 4341, "Customer_ID": "CUST055", "Region": "South", "Total_Sales": 30387}, {"Date": "2024-02-25", "Product": "Phone", "Quantity": 3, "Price": 37135, "Customer_ID": "CUST056", "Region": "North", "Total_Sales": 111405}, {"Date": "2024-02-26", "Product": "Monitor", "Quantity": 6, "Price": 37055, "Customer_ID": "CUST057", "Region": "East", "Total_Sales": 222330}, {"Date": "2024-02-27", "Product": "Monitor", "Quantity": 2, "Price": 5272, "Customer_ID": "CUST058", "Region": "East", "Total_Sales": 10544}, {"Date": "2024-02-28", "Product": "Laptop", "Quantity": 5, "Price": 15475, "Customer_ID": "CUST059", "Region": "South", "Total_Sales": 77375}, {"Date": "2024-02-29", "Product": "Headphones", "Quantity": 3, "Price": 13624, "Customer_ID": "CUST060", "Region": "South", "Total_Sales": 40872}, {"Date": "2024-03-01", "Product": "Tablet", "Quantity": 5, "Price": 29840, "Customer_ID": "CUST061", "Region": "North", "Total_Sales": 149200}, {"Date": "2024-03-02", "Product": "Laptop", "Quantity": 8, "Price": 19661, "Customer_ID": "CUST062", "Region": "South", "Total_Sales": 157288}, {"Date": "2024-03-03", "Product": "Monitor", "Quantity": 9, "Price": 24224, "Customer_ID": "CUST063", "Region": "East", "Total_Sales": 218016}, {"Date": "2024-03-04", "Product": "Laptop", "Quantity": 5, "Price": 17924, "Customer_ID": "CUST064", "Region": "West", "Total_Sales": 89620}, {"Date": "2024-03-05", "Product": "Phone", "Quantity": 7, "Price": 44652, "Customer_ID": "CUST065", "Region": "South", "Total_Sales": 312564}, {"Date": "2024-03-06", "Product": "Laptop", "Quantity": 8, "Price": 14381, "Customer_ID": "CUST066", "Region": "North", "Total_Sales": 115048}, {"Date": "2024-03-07", "Product": "Headphones", "Quantity": 2, "Price": 44487, "Customer_ID": "CUST067", "Region": "East", "Total_Sales": 88974}, {"Date": "2024-03-08", "Product": "Laptop", "Quantity": 3, "Price": 34303, "Customer_ID": "CUST068", "Region": "North", "Total_Sales": 102909}, {"Date": "2024-03-09", "Product": "Tablet", "Quantity": 3, "Price": 23229, "Customer_ID": "CUST069", "Region": "North", "Total_Sales": 69687}, {"Date": "2024-03-10", "Product": "Laptop", "Quantity": 9, "Price": 35418, "Customer_ID": "CUST070", "Region": "South", "Total_Sales": 318762}, {"Date": "2024-03-11", "Product": "Phone", "Quantity": 4, "Price": 34843, "Customer_ID": "CUST071", "Region": "West", "Total_Sales": 139372}, {"Date": "2024-03-12", "Product": "Headphones", "Quantity": 8, "Price": 18964, "Customer_ID": "CUST072", "Region": "East", "Total_Sales": 151712}, {"Date": "2024-03-13", "Product": "Headphones", "Quantity": 7, "Price": 49930, "Customer_ID": "CUST073", "Region": "West", "Total_Sales": 349510}, {"Date": "2024-03-14", "Product": "Tablet", "Quantity": 4, "Price": 17512, "Customer_ID": "CUST074", "Region": "South", "Total_Sales": 70048}, {"Date": "2024-03-15", "Product": "Monitor", "Quantity": 6, "Price": 23381, "Customer_ID": "CUST075", "Region": "North", "Total_Sales": 140286}, {"Date": "2024-03-16", "Product": "Phone", "Quantity": 5, "Price": 16596, "Customer_ID": "CUST076", "Region": "South", "Total_Sales": 82980}, {"Date": "2024-03-17", "Product": "Laptop", "Quantity": 7, "Price": 2603, "Customer_ID": "CUST077", "Region": "South", "Total_Sales": 18221}, {"Date": "2024-03-18", "Product": "Tablet", "Quantity": 9, "Price": 26110, "Customer_ID": "CUST078", "Region": "East", "Total_Sales": 234990}, {"Date": "2024-03-19", "Product": "Tablet", "Quantity": 9, "Price": 19425, "Customer_ID": "CUST079", "Region": "North", "Total_Sales": 174825}, {"Date": "2024-03-20", "Product": "Phone", "Quantity": 4, "Price": 49101, "Customer_ID": "CUST080", "Region": "South", "Total_Sales": 196404}, {"Date": "2024-03-21", "Product": "Laptop", "Quantity": 4, "Price": 28098, "Customer_ID": "CUST081", "Region": "East", "Total_Sales": 112392}, {"Date": "2024-03-22", "Product": "Headphones", "Quantity": 2, "Price": 48769, "Customer_ID": "CUST082", "Region": "South", "Total_Sales": 97538}, {"Date": "2024-03-23", "Product": "Laptop", "Quantity": 8, "Price": 43861, "Customer_ID": "CUST083", "Region": "North", "Total_Sales": 350888}, {"Date": "2024-03-24", "Product": "Phone", "Quantity": 8, "Price": 40518, "Customer_ID": "CUST084", "Region": "South", "Total_Sales": 324144}, {"Date": "2024-03-25", "Product": "Laptop", "Quantity": 3, "Price": 7455, "Customer_ID": "CUST085", "Region": "South", "Total_Sales": 22365}, {"Date": "2024-03-26", "Product": "Monitor", "Quantity": 7, "Price": 11591, "Customer_ID": "CUST086", "Region": "North", "Total_Sales": 81137}, {"Date": "2024-03-27", "Product": "Tablet", "Quantity": 4, "Price": 3839, "Customer_ID": "CUST087", "Region": "West", "Total_Sales": 15356}, {"Date": "2024-03-28", "Product": "Phone", "Quantity": 6, "Price": 4578, "Customer_ID": "CUST088", "Region": "West", "Total_Sales": 27468}, {"Date": "2024-03-29", "Product": "Laptop", "Quantity": 6, "Price": 38037, "Customer_ID": "CUST089", "Region": "North", "Total_Sales": 228222}, {"Date": "2024-03-30", "Product": "Monitor", "Quantity": 4, "Price": 9483, "Customer_ID": "CUST090", "Region": "East", "Total_Sales": 37932}, {"Date": "2024-03-31", "Product": "Laptop", "Quantity": 1, "Price": 7148, "Customer_ID": "CUST091", "Region": "North", "Total_Sales": 7148}, {"Date": "2024-04-01", "Product": "Tablet", "Quantity": 5, "Price": 30531, "Customer_ID": "CUST092", "Region": "South", "Total_Sales": 152655}, {"Date": "2024-04-02", "Product": "Headphones", "Quantity": 6, "Price": 42813, "Customer_ID": "CUST093", "Region": "South", "Total_Sales": 256878}, {"Date": "2024-04-03", "Product": "Laptop", "Quantity": 6, "Price": 16667, "Customer_ID": "CUST094", "Region": "South", "Total_Sales": 100002}, {"Date": "2024-04-04", "Product": "Tablet", "Quantity": 7, "Price": 19507, "Customer_ID": "CUST095", "Region": "West", "Total_Sales": 136549}, {"Date": "2024-04-05", "Product": "Tablet", "Quantity": 8, "Price": 20770, "Customer_ID": "CUST096", "Region": "North", "Total_Sales": 166160}, {"Date": "2024-04-06", "Product": "Headphones", "Quantity": 1, "Price": 7647, "Customer_ID": "CUST097", "Region": "West", "Total_Sales": 7647}, {"Date": "2024-04-07", "Product": "Tablet", "Quantity": 5, "Price": 27196, "Customer_ID": "CUST098", "Region": "East", "Total_Sales": 135980}, {"Date": "2024-04-08", "Product": "Monitor", "Quantity": 1, "Price": 30717, "Customer_ID": "CUST099", "Region": "North", "Total_Sales": 30717}, {"Date": "2024-04-09", "Product": "Headphones", "Quantity": 5, "Price": 23376, "Customer_ID": "CUST100", "Region": "South", "Total_Sales": 116880}]}}